<record><leader>00000cas a22000007a 4500</leader><controlfield tag="001">40990686</controlfield><controlfield tag="008">990318d1uuu1917sduwr ne      0    0eng d</controlfield><datafield ind1=" " ind2=" " tag="010"><subfield code="a">sn 99062836 </subfield></datafield><datafield ind1=" " ind2=" " tag="040"><subfield code="a">SXN</subfield><subfield code="b">eng</subfield><subfield code="c">SXN</subfield><subfield code="d">OCLCQ</subfield><subfield code="d">OCLCF</subfield><subfield code="d">OCLCO</subfield></datafield><datafield ind1=" " ind2=" " tag="042"><subfield code="a">msc</subfield></datafield><datafield ind1=" " ind2=" " tag="043"><subfield code="a">n-us-sd</subfield></datafield><datafield ind1="0" ind2="0" tag="245"><subfield code="a">Letcher chronicle-blade.</subfield></datafield><datafield ind1=" " ind2=" " tag="260"><subfield code="a">Letcher, Sanborn County, S.D. :</subfield><subfield code="b">C.F. DeGroff</subfield></datafield><datafield ind1=" " ind2=" " tag="300"><subfield code="a">v.</subfield></datafield><datafield ind1=" " ind2=" " tag="310"><subfield code="a">Weekly</subfield></datafield><datafield ind1="0" ind2=" " tag="362"><subfield code="a">-v. 24, no. 30 (Jan. 4, 1917).</subfield></datafield><datafield ind1=" " ind2=" " tag="530"><subfield code="a">Available on microfilm from: State Archives, South Dakota State Historical Society.</subfield></datafield><datafield ind1=" " ind2=" " tag="588"><subfield code="a">Description based on: Vol. 23, no. 6 (July 1, 1915).</subfield></datafield><datafield ind1=" " ind2="0" tag="651"><subfield code="a">Letcher (S.D.)</subfield><subfield code="v">Newspapers.</subfield></datafield><datafield ind1=" " ind2="0" tag="651"><subfield code="a">Sanborn County (S.D.)</subfield><subfield code="v">Newspapers.</subfield></datafield><datafield ind1=" " ind2="7" tag="655"><subfield code="a">Newspapers.</subfield><subfield code="2">fast</subfield><subfield code="0">(OCoLC)fst01423814</subfield></datafield><datafield ind1=" " ind2="7" tag="651"><subfield code="a">South Dakota</subfield><subfield code="z">Letcher.</subfield><subfield code="2">fast</subfield><subfield code="0">(OCoLC)fst01265526</subfield></datafield><datafield ind1=" " ind2="7" tag="651"><subfield code="a">South Dakota</subfield><subfield code="z">Sanborn County.</subfield><subfield code="2">fast</subfield><subfield code="0">(OCoLC)fst01214158</subfield></datafield><datafield ind1=" " ind2=" " tag="752"><subfield code="a">United States</subfield><subfield code="b">South Dakota</subfield><subfield code="c">Sanborn</subfield><subfield code="d">Letcher.</subfield></datafield><datafield ind1="0" ind2="0" tag="785"><subfield code="t">Letcher chronicle</subfield><subfield code="w">(DLC)sn 99062837</subfield></datafield></record>